<record><leader>00000cas a22000007a 4500</leader><controlfield tag="001">39956082</controlfield><controlfield tag="008">980929u1867uuuumeuuu ne      0    0eng d</controlfield><datafield ind1=" " ind2=" " tag="010"><subfield code="a">sn 98065835 </subfield></datafield><datafield ind1=" " ind2=" " tag="040"><subfield code="a">MBN</subfield><subfield code="b">eng</subfield><subfield code="c">MBN</subfield><subfield code="d">OCLCQ</subfield><subfield code="d">OCLCF</subfield><subfield code="d">OCLCO</subfield></datafield><datafield ind1="1" ind2=" " tag="029"><subfield code="a">AU@</subfield><subfield code="b">000014247802</subfield></datafield><datafield ind1=" " ind2=" " tag="042"><subfield code="a">msc</subfield></datafield><datafield ind1=" " ind2=" " tag="043"><subfield code="a">n-us-me</subfield></datafield><datafield ind1="0" ind2="0" tag="245"><subfield code="a">Fairfield woodpecker.</subfield></datafield><datafield ind1=" " ind2=" " tag="260"><subfield code="a">Kendalls Mills [Me. :</subfield><subfield code="b">s.n.]</subfield></datafield><datafield ind1=" " ind2=" " tag="300"><subfield code="a">v.</subfield></datafield><datafield ind1="0" ind2=" " tag="362"><subfield code="a">Vol. 1, no. 1 (Jan. 29, 1867)-</subfield></datafield><datafield ind1=" " ind2=" " tag="500"><subfield code="a">"Kendall's Mill. Former name of Fairfield PO"--Attwood, Stanley Bearce. The length and breadth of Maine. Augusta, Me. : Kennebec Journal Print Shop, c1946 (p. 174).</subfield></datafield><datafield ind1=" " ind2="0" tag="651"><subfield code="a">Fairfield (Me.)</subfield><subfield code="v">Newspapers.</subfield></datafield><datafield ind1=" " ind2="7" tag="655"><subfield code="a">Newspapers.</subfield><subfield code="2">fast</subfield><subfield code="0">(OCoLC)fst01423814</subfield></datafield><datafield ind1=" " ind2="7" tag="651"><subfield code="a">Maine</subfield><subfield code="z">Fairfield.</subfield><subfield code="2">fast</subfield><subfield code="0">(OCoLC)fst01227520</subfield></datafield><datafield ind1=" " ind2=" " tag="752"><subfield code="a">United States</subfield><subfield code="b">Maine</subfield><subfield code="c">Somerset</subfield><subfield code="d">Fairfield.</subfield></datafield></record>